@article{hadfield2010mcmc,
  title={MCMC methods for multi-response generalized linear mixed models: the MCMCglmm R package},
  author={Hadfield, Jarrod D and others},
  journal={Journal of Statistical Software},
  volume={33},
  number={2},
  pages={1--22},
  year={2010}
}

@article{bates2007lme4,
  title={The lme4 package},
  author={Bates, Douglas and Sarkar, Deepayan and Bates, Maintainer Douglas and Matrix, L},
  journal={R package version},
  volume={2},
  number={1},
  pages={74},
  year={2007}
}

@article{williams2012avoiding,
  title={Avoiding unintentional eviction from integral projection models},
  author={Williams, Jennifer L and Miller, Tom EX and Ellner, Stephen P},
  journal={Ecology},
  volume={93},
  number={9},
  pages={2008--2014},
  year={2012},
  publisher={Wiley Online Library}
}

@article{rees2014building,
  title={Building integral projection models: a user's guide},
  author={Rees, Mark and Childs, Dylan Z and Ellner, Stephen P},
  journal={Journal of Animal Ecology},
  volume={83},
  number={3},
  pages={528--545},
  year={2014},
  publisher={Wiley Online Library}
}

@article{stubberud2019effects,
  title={Effects of size-and sex-selective harvesting: An integral projection model approach},
  author={Stubberud, Marlene W{\ae}ge and Vindenes, Yngvild and V{\o}llestad, Leif Asbj{\o}rn and Winfield, Ian J and Stenseth, Nils Christian and Langangen, {\O}ystein},
  journal={Ecology and Evolution},
  volume={9},
  number={22},
  pages={12556--12570},
  year={2019},
  publisher={Wiley Online Library}
}

@article{salguero2010keeping,
  title={Keeping plant shrinkage in the demographic loop},
  author={Salguero-G{\'o}mez, Roberto and Casper, Brenda B},
  journal={Journal of Ecology},
  volume={98},
  number={2},
  pages={312--323},
  year={2010},
  publisher={Wiley Online Library}
}

@article{schultz2017native,
  title={Native insect herbivory overwhelms context dependence to limit complex invasion dynamics of exotic weeds},
  author={Schultz, Emily L and Eckberg, James O and Berg, Sergey S and Louda, Svata M and Miller, Tom EX},
  journal={Ecology letters},
  volume={20},
  number={11},
  pages={1374--1384},
  year={2017},
  publisher={Wiley Online Library}
}

@article{ozgul2010coupled,
  title={Coupled dynamics of body mass and population growth in response to environmental change},
  author={Ozgul, Arpat and Childs, Dylan Z and Oli, Madan K and Armitage, Kenneth B and Blumstein, Daniel T and Olson, Lucretia E and Tuljapurkar, Shripad and Coulson, Tim},
  journal={Nature},
  volume={466},
  number={7305},
  pages={482--485},
  year={2010},
  publisher={Nature Publishing Group}
}

@article{compagnoni2016effect,
  title={The effect of demographic correlations on the stochastic population dynamics of perennial plants},
  author={Compagnoni, Aldo and Bibian, Andrew J and Ochocki, Brad M and Rogers, Haldre S and Schultz, Emily L and Sneck, Michelle E and Elderd, Bret D and Iler, Amy M and Inouye, David W and Jacquemyn, Hans and others},
  journal={Ecological Monographs},
  volume={86},
  number={4},
  pages={480--494},
  year={2016},
  publisher={Wiley Online Library}
}

@article{easterling2000size,
  title={Size-specific sensitivity: applying a new structured population model},
  author={Easterling, Michael R and Ellner, Stephen P and Dixon, Philip M},
  journal={Ecology},
  volume={81},
  number={3},
  pages={694--708},
  year={2000},
  publisher={Wiley Online Library}
}

@article{peterson2019improving,
  title={Improving structured population models with more realistic representations of non-normal growth},
  author={Peterson, Megan L and Morris, William and Linares, Cristina and Doak, Daniel},
  journal={Methods in Ecology and Evolution},
  volume={10},
  number={9},
  pages={1431--1444},
  year={2019},
  publisher={Wiley Online Library}
}

@article{crone2016contrasting,
  title={Contrasting effects of spatial heterogeneity and environmental stochasticity on population dynamics of a perennial wildflower},
  author={Crone, Elizabeth E},
  journal={Journal of Ecology},
  volume={104},
  number={2},
  pages={281--291},
  year={2016},
  publisher={Wiley Online Library}
}